@misc{customscan,
  author = {KaiGai Kohei},
  title = {{Writing a Custom Scan Provider}},
  howpublished = "\url{http://www.postgresql.org/docs/9.5/static/custom-scan.html}",
  year = {2015}, 
  note = "Accessed: 10-Dec-2015]"
}
@article{ngo2014skew,
  title={Skew strikes back: New developments in the theory of join algorithms},
  author={Ngo, Hung Q and Re, Christopher and Rudra, Atri},
  journal={ACM SIGMOD Record},
  volume={42},
  number={4},
  pages={5--16},
  year={2014},
  publisher={ACM}
}
@inproceedings{ngo2012worst,
  title={Worst-case optimal join algorithms:[extended abstract]},
  author={Ngo, Hung Q and Porat, Ely and R{\'e}, Christopher and Rudra, Atri},
  booktitle={Proceedings of the 31st symposium on Principles of Database Systems},
  pages={37--48},
  year={2012},
  organization={ACM}
}
@article{shapiro1986join,
  title={Join processing in database systems with large main memories},
  author={Shapiro, Leonard D},
  journal={ACM Transactions on Database Systems (TODS)},
  volume={11},
  number={3},
  pages={239--264},
  year={1986},
  publisher={ACM}
}
@inproceedings{atserias2008size,
  title={Size bounds and query plans for relational joins},
  author={Atserias, Albert and Grohe, Martin and Marx, D{\'a}niel},
  booktitle={Foundations of Computer Science, 2008. FOCS'08. IEEE 49th Annual IEEE Symposium on},
  pages={739--748},
  year={2008},
  organization={IEEE}
}